%YAML 1.1
%TAG !u! tag:unity3d.com,2011:
--- !u!1001 &100100000
Prefab:
  m_ObjectHideFlags: 1
  serializedVersion: 2
  m_Modification:
    m_TransformParent: {fileID: 0}
    m_Modifications: []
    m_RemovedComponents: []
  m_SourcePrefab: {fileID: 0}
  m_RootGameObject: {fileID: 1423867037843974}
  m_IsPrefabAsset: 1
--- !u!1 &1423867037843974
GameObject:
  m_ObjectHideFlags: 0
  m_CorrespondingSourceObject: {fileID: 0}
  m_PrefabInternal: {fileID: 100100000}
  serializedVersion: 6
  m_Component:
  - component: {fileID: 224308421790894016}
  - component: {fileID: 222013624675879036}
  - component: {fileID: 114763480118435366}
  - component: {fileID: 114845536710933156}
  m_Layer: 5
  m_Name: InFadeOut
  m_TagString: Untagged
  m_Icon: {fileID: 0}
  m_NavMeshLayer: 0
  m_StaticEditorFlags: 0
  m_IsActive: 0
--- !u!114 &114763480118435366
MonoBehaviour:
  m_ObjectHideFlags: 1
  m_CorrespondingSourceObject: {fileID: 0}
  m_PrefabInternal: {fileID: 100100000}
  m_GameObject: {fileID: 1423867037843974}
  m_Enabled: 1
  m_EditorHideFlags: 0
  m_Script: {fileID: -765806418, guid: f70555f144d8491a825f0804e09c671c, type: 3}
  m_Name: 
  m_EditorClassIdentifier: 
  m_Material: {fileID: 0}
  m_Color: {r: 1, g: 1, b: 1, a: 1}
  m_RaycastTarget: 1
  m_OnCullStateChanged:
    m_PersistentCalls:
      m_Calls: []
    m_TypeName: UnityEngine.UI.MaskableGraphic+CullStateChangedEvent, UnityEngine.UI,
      Version=1.0.0.0, Culture=neutral, PublicKeyToken=null
  m_Sprite: {fileID: 21300000, guid: 8a6422215d32d45ba933525864029c16, type: 3}
  m_Type: 0
  m_PreserveAspect: 1
  m_FillCenter: 1
  m_FillMethod: 4
  m_FillAmount: 1
  m_FillClockwise: 1
  m_FillOrigin: 0
--- !u!114 &114845536710933156
MonoBehaviour:
  m_ObjectHideFlags: 1
  m_CorrespondingSourceObject: {fileID: 0}
  m_PrefabInternal: {fileID: 100100000}
  m_GameObject: {fileID: 1423867037843974}
  m_Enabled: 1
  m_EditorHideFlags: 0
  m_Script: {fileID: 11500000, guid: c8efce6660a384c18b05eb9ec4c3dd42, type: 3}
  m_Name: 
  m_EditorClassIdentifier: 
  AnimationDuration: 0.4
  AllowLoop: 0
  ScaleX:
    serializedVersion: 2
    m_Curve:
    - serializedVersion: 3
      time: 0
      value: 1
      inSlope: 0
      outSlope: 0
      tangentMode: 34
      weightedMode: 0
      inWeight: 0
      outWeight: 0
    - serializedVersion: 3
      time: 1
      value: 1
      inSlope: 0
      outSlope: 0
      tangentMode: 34
      weightedMode: 0
      inWeight: 0
      outWeight: 0
    m_PreInfinity: 2
    m_PostInfinity: 2
    m_RotationOrder: 4
  ScaleY:
    serializedVersion: 2
    m_Curve:
    - serializedVersion: 3
      time: 0
      value: 1
      inSlope: 0
      outSlope: 0
      tangentMode: 34
      weightedMode: 0
      inWeight: 0
      outWeight: 0
    - serializedVersion: 3
      time: 1
      value: 1
      inSlope: 0
      outSlope: 0
      tangentMode: 34
      weightedMode: 0
      inWeight: 0
      outWeight: 0
    m_PreInfinity: 2
    m_PostInfinity: 2
    m_RotationOrder: 4
  ScaleZ:
    serializedVersion: 2
    m_Curve:
    - serializedVersion: 3
      time: 0
      value: 1
      inSlope: 0
      outSlope: 0
      tangentMode: 34
      weightedMode: 0
      inWeight: 0
      outWeight: 0
    - serializedVersion: 3
      time: 1
      value: 1
      inSlope: 0
      outSlope: 0
      tangentMode: 34
      weightedMode: 0
      inWeight: 0
      outWeight: 0
    m_PreInfinity: 2
    m_PostInfinity: 2
    m_RotationOrder: 4
  RotationScaler: 1
  RotationX:
    serializedVersion: 2
    m_Curve: []
    m_PreInfinity: 2
    m_PostInfinity: 2
    m_RotationOrder: 4
  RotationY:
    serializedVersion: 2
    m_Curve: []
    m_PreInfinity: 2
    m_PostInfinity: 2
    m_RotationOrder: 4
  RotationZ:
    serializedVersion: 2
    m_Curve: []
    m_PreInfinity: 2
    m_PostInfinity: 2
    m_RotationOrder: 4
  TranslationScaler: 1
  TranslationX:
    serializedVersion: 2
    m_Curve: []
    m_PreInfinity: 2
    m_PostInfinity: 2
    m_RotationOrder: 4
  TranslationY:
    serializedVersion: 2
    m_Curve: []
    m_PreInfinity: 2
    m_PostInfinity: 2
    m_RotationOrder: 4
  TranslationZ:
    serializedVersion: 2
    m_Curve: []
    m_PreInfinity: 2
    m_PostInfinity: 2
    m_RotationOrder: 4
  Visibility:
    serializedVersion: 2
    m_Curve:
    - serializedVersion: 3
      time: 0
      value: 1
      inSlope: 0
      outSlope: 0
      tangentMode: 0
      weightedMode: 0
      inWeight: 0
      outWeight: 0
    - serializedVersion: 3
      time: 0.5566707
      value: 0.18185942
      inSlope: -1.2606683
      outSlope: -1.2606683
      tangentMode: 0
      weightedMode: 0
      inWeight: 0.33333334
      outWeight: 0.29908234
    - serializedVersion: 3
      time: 1
      value: 0
      inSlope: -0.000585853
      outSlope: -0.000585853
      tangentMode: 0
      weightedMode: 0
      inWeight: 0
      outWeight: 1
    m_PreInfinity: 2
    m_PostInfinity: 2
    m_RotationOrder: 4
  currentTime: 0
  showDebug: 0
  isAllowedToPlay: 1
  AnimationObjectID: 0
  IsControoledByController: 0
--- !u!222 &222013624675879036
CanvasRenderer:
  m_ObjectHideFlags: 1
  m_CorrespondingSourceObject: {fileID: 0}
  m_PrefabInternal: {fileID: 100100000}
  m_GameObject: {fileID: 1423867037843974}
  m_CullTransparentMesh: 0
--- !u!224 &224308421790894016
RectTransform:
  m_ObjectHideFlags: 1
  m_CorrespondingSourceObject: {fileID: 0}
  m_PrefabInternal: {fileID: 100100000}
  m_GameObject: {fileID: 1423867037843974}
  m_LocalRotation: {x: -0, y: -0, z: -0, w: 1}
  m_LocalPosition: {x: 0, y: 0, z: 0}
  m_LocalScale: {x: 1, y: 1, z: 1}
  m_Children: []
  m_Father: {fileID: 0}
  m_RootOrder: 0
  m_LocalEulerAnglesHint: {x: 0, y: 0, z: 0}
  m_AnchorMin: {x: 0.5, y: 0.5}
  m_AnchorMax: {x: 0.5, y: 0.5}
  m_AnchoredPosition: {x: 48.849854, y: -1241}
  m_SizeDelta: {x: 851.8, y: 614.6}
  m_Pivot: {x: 0.5, y: 0.5}
