%YAML 1.1
%TAG !u! tag:unity3d.com,2011:
--- !u!1001 &100100000
Prefab:
  m_ObjectHideFlags: 1
  serializedVersion: 2
  m_Modification:
    m_TransformParent: {fileID: 0}
    m_Modifications: []
    m_RemovedComponents: []
  m_SourcePrefab: {fileID: 0}
  m_RootGameObject: {fileID: 1177929633781404}
  m_IsPrefabAsset: 1
--- !u!1 &1177929633781404
GameObject:
  m_ObjectHideFlags: 0
  m_CorrespondingSourceObject: {fileID: 0}
  m_PrefabInternal: {fileID: 100100000}
  serializedVersion: 6
  m_Component:
  - component: {fileID: 4821444210627014}
  - component: {fileID: 114146042837337458}
  - component: {fileID: 33239054277945260}
  - component: {fileID: 23962597004671888}
  m_Layer: 0
  m_Name: Tracker
  m_TagString: Untagged
  m_Icon: {fileID: 0}
  m_NavMeshLayer: 0
  m_StaticEditorFlags: 0
  m_IsActive: 1
--- !u!4 &4821444210627014
Transform:
  m_ObjectHideFlags: 1
  m_CorrespondingSourceObject: {fileID: 0}
  m_PrefabInternal: {fileID: 100100000}
  m_GameObject: {fileID: 1177929633781404}
  m_LocalRotation: {x: 0, y: 1, z: 0, w: -0.00000016292068}
  m_LocalPosition: {x: 0, y: 0, z: 0}
  m_LocalScale: {x: -1, y: 1, z: 1}
  m_Children: []
  m_Father: {fileID: 0}
  m_RootOrder: 0
  m_LocalEulerAnglesHint: {x: 0, y: 0, z: 0}
--- !u!23 &23962597004671888
MeshRenderer:
  m_ObjectHideFlags: 1
  m_CorrespondingSourceObject: {fileID: 0}
  m_PrefabInternal: {fileID: 100100000}
  m_GameObject: {fileID: 1177929633781404}
  m_Enabled: 1
  m_CastShadows: 1
  m_ReceiveShadows: 1
  m_DynamicOccludee: 1
  m_MotionVectors: 1
  m_LightProbeUsage: 0
  m_ReflectionProbeUsage: 1
  m_RenderingLayerMask: 4294967295
  m_Materials:
  - {fileID: 2100000, guid: 1e38702b5269b5642937572be92d956a, type: 2}
  m_StaticBatchInfo:
    firstSubMesh: 0
    subMeshCount: 0
  m_StaticBatchRoot: {fileID: 0}
  m_ProbeAnchor: {fileID: 0}
  m_LightProbeVolumeOverride: {fileID: 0}
  m_ScaleInLightmap: 1
  m_PreserveUVs: 0
  m_IgnoreNormalsForChartDetection: 0
  m_ImportantGI: 0
  m_StitchLightmapSeams: 0
  m_SelectedEditorRenderState: 3
  m_MinimumChartSize: 4
  m_AutoUVMaxDistance: 0.5
  m_AutoUVMaxAngle: 89
  m_LightmapParameters: {fileID: 0}
  m_SortingLayerID: 0
  m_SortingLayer: 0
  m_SortingOrder: 0
--- !u!33 &33239054277945260
MeshFilter:
  m_ObjectHideFlags: 1
  m_CorrespondingSourceObject: {fileID: 0}
  m_PrefabInternal: {fileID: 100100000}
  m_GameObject: {fileID: 1177929633781404}
  m_Mesh: {fileID: 0}
--- !u!114 &114146042837337458
MonoBehaviour:
  m_ObjectHideFlags: 1
  m_CorrespondingSourceObject: {fileID: 0}
  m_PrefabInternal: {fileID: 100100000}
  m_GameObject: {fileID: 1177929633781404}
  m_Enabled: 1
  m_EditorHideFlags: 0
  m_Script: {fileID: 11500000, guid: a85f702a76a89204f905433030e99108, type: 3}
  m_Name: 
  m_EditorClassIdentifier: 
  ConfigFileEditor: Visage Tracker/Head Tracker.cfg
  ConfigFileStandalone: Visage Tracker/Head Tracker.cfg
  ConfigFileIOS: Head Tracker.cfg
  ConfigFileAndroid: Facial Features Tracker - High.cfg
  ConfigFileOSX: Head Tracker.cfg
  ConfigFileWebGL: Facial Features Tracker - High.cfg
  ControllableObjectsGlasses:
  - {fileID: 0}
  - {fileID: 0}
  - {fileID: 0}
  - {fileID: 0}
  ControllableObjectsTiger:
  - {fileID: 0}
  - {fileID: 0}
  - {fileID: 0}
  - {fileID: 0}
  TexCoordinatesFile: {fileID: 4900000, guid: 55143a780073743499c180fbb15eada2, type: 3}
  Translation:
  - {x: -0.40578377, y: 0.33431292, z: 1.3949014}
  - {x: 0, y: 0, z: 0}
  - {x: 0, y: 0, z: 0}
  - {x: 0, y: 0, z: 0}
  Rotation:
  - {x: 5.967649, y: -178.46475, z: 0.4880005}
  - {x: 0, y: 0, z: 0}
  - {x: 0, y: 0, z: 0}
  - {x: 0, y: 0, z: 0}
  TrackerStatus: 03000000000000000000000000000000
  CameraViewMaterial: {fileID: 2100000, guid: 814957a53e94a244da1b20b8c02a40b8, type: 2}
  CameraFocus: 3
  Orientation: 0
  isMirrored: 1
  camDeviceId: 3
  defaultCameraWidth: 800
  defaultCameraHeight: 600
  ImageWidth: 800
  ImageHeight: 600
  TexWidth: 1024
  TexHeight: 1024
  trackingButton: {fileID: 0}
  portrait: {fileID: 0}
  portraitUpside: {fileID: 0}
  landscapeRight: {fileID: 0}
  landscapeLeft: {fileID: 0}
  frameForAnalysis: 1
  frameForRecog: 1
